<?xml version="1.0" encoding="UTF-8"?><record xmlns="http://www.loc.gov/MARC21/slim" xmlns:cinclude="http://apache.org/cocoon/include/1.0" xmlns:zs="http://www.loc.gov/zing/srw/">
  <leader>00489cz  a2200157n  4500</leader>
  <controlfield tag="001">n  93067993 </controlfield>
  <controlfield tag="003">DLC</controlfield>
  <controlfield tag="005">20020518152557.0</controlfield>
  <controlfield tag="008">930717n| acannaabn          |a aaa      </controlfield>
  <datafield tag="010" ind1=" " ind2=" ">
    <subfield code="a">n  93067993 </subfield>
  </datafield>
  <datafield tag="035" ind1=" " ind2=" ">
    <subfield code="a">(OCoLC)oca03412995</subfield>
  </datafield>
  <datafield tag="040" ind1=" " ind2=" ">
    <subfield code="a">DLC</subfield>
    <subfield code="b">eng</subfield>
    <subfield code="c">DLC</subfield>
    <subfield code="d">OCoLC</subfield>
    <subfield code="d">DLC</subfield>
  </datafield>
  <datafield tag="100" ind1="1" ind2=" ">
    <subfield code="a">Ernst F., Raymundo</subfield>
  </datafield>
  <datafield tag="400" ind1="1" ind2=" ">
    <subfield code="a">Ernst, Raymundo</subfield>
  </datafield>
  <datafield tag="670" ind1=" " ind2=" ">
    <subfield code="a">His Orquesta Sinfonica de Chile, 1991:</subfield>
    <subfield code="b">p. [53] (Raymundo Ernst F.)</subfield>
  </datafield>
  <datafield tag="670" ind1=" " ind2=" ">
    <subfield code="a">His GarciĚa Chibbaro, 1999:</subfield>
    <subfield code="b">t.p. (Raymundo Ernst) jkt. (b. 1965)</subfield>
  </datafield>
</record>